@ONLINE{google,
		author	= bla,
		title		= bla,
		month		= bal,
		year		= bla,
		url			= bla,
}

@book{kupsch,
    author    = "Peter Kupsch",
    title     = "Unternehmungsziele",
    year      = "1979",
    publisher = "Fischer",
    address   = "Stuttgard [u. a.], Deutschland"
}